@manual{sample,
  author = {TU Dortmund},
  title = {US2: Scanverfahren in der Ultraschalltechnik},
  year = 2018,
  url = "http://129.217.224.2/HOMEPAGE/PHYSIKER/BACHELOR/AP/SKRIPT/UltraschallScan.pdf"
}

@manual{sample2,
  author = {Olympus},
  title = {Schallgeschwindigkeiten im Material},
  year = 2018,
  url = "https://www.olympus-ims.com/de/ndt-tutorials/thickness-gage/appendices-velocities/"
  }

@manual{sample3,
  author = {LEIFI Physik},
  title = {Schallgeschwindigkeit},
  year = 2018,
  url = "https://www.leifiphysik.de/akustik/schallgeschwindigkeit"
  }

@manual{sample4,
  author = {Keye & Laby},
  title = {The speed and attenuation of sound},
  year = 2018,
  url = "http://www.kayelaby.npl.co.uk/general_physics/2_4/2_4_1.html"
  }
