@manual{sample,
  author = {TU Dortmund},
  title = {Franck-Hertz-Versuch},
  year = 2018,
  url = "http://129.217.224.2/HOMEPAGE/PHYSIKER/BACHELOR/AP/SKRIPT/V601.pdf"
}

@manual{sample2,
  author = {Uni Wuppertal},
  title = {Franck-Hertz Messwerte f√ºr Quecksilber},
  year = 2018,
  url = "http://hydrogen.physik.uni-wuppertal.de/hyperphysics/hyperphysics/hbase/FrHz.html#FHd"
  }

  @manual{sample3,
    author = {Uniterra},
    title = {Erste Ionisierungsenergie},
    year = 2018,
    url = "http://www.uniterra.de/rutherford/tab_iong.htm"
    }
