@manual{sample,
  author = {TU Dortmund},
  title = {Das Geiger-M체ller-Z채hlrohr },
  year = 2018,
  url = "http://129.217.224.2/HOMEPAGE/PHYSIKER/BACHELOR/AP/SKRIPT/V703.pdf"
}

@manual{sample2,
  author = {Dr. Steffen Thomas},
  title = {Wellenl채ngen und Anregungsenergien von K- und L- Absorptionskanten},
  year = 2018,
  url = "https://wissen.science-and-fun.de/tabellen-fur-spektroskopiker/wellenlaengen-und-anregungsenergien-von-k-und-l-absorptionskanten/"
  }

@manual{sample3,
  author = {ESRF - European Synchrotron Radiation Facility},
  title = {X-RAY EDGE ENERGIES},
  year = 2018,
  url = "http://www.esrf.eu/UsersAndScience/Experiments/StructMaterials/ID11/ID11UserGuide/ID11Edges"
  }

@manual{sample4,
  author = {LD Didactic},
  title = {Untersuchung der charakteristischen Spektren in Abh채ngigkeit von der Ordnungszahl des Elements: K-Linien},
  year = 2018,
  url = "https://www.ld-didactic.de/literatur/hb/d/p6/p6354_d.pdf"
  }
