@manual{sample,
  author = {TU Dortmund},
  title = {V105 - Das Magnetische Moment},
  year = 2017
}
