@manual{sample,
  author = {TU Dortmund},
  title = {V354 - Ged√§mpfte und Erzwungene Schwingungen},
  year = 2017,
  url = "http://129.217.224.2/HOMEPAGE/PHYSIKER/BACHELOR/AP/SKRIPT/V354.pdf"
}

@manual{sample2,
  author = {TU Dortmund},
  title = {V353 - Das Relaxationsverhalten eines RC-Kreises},
  year = 2017,
  url = "http://129.217.224.2/HOMEPAGE/PHYSIKER/BACHELOR/AP/SKRIPT/V353.pdf"
}
