@manual{sample,
  author = {TU Dortmund},
  title = {V308 - Spulen und Magnetfelder},
  year = 2017,
  url = "http://129.217.224.2/HOMEPAGE/PHYSIKER/BACHELOR/AP/SKRIPT/Magnetfeld.pdf"
}
