@online{sample,
  author = {Physikalisches Praktikum der TU Dortmund},
  title = {Versuch Nr. 401: Das Michelson-Interferometer},
  urldate = {2018-06-29},
  url = "http://129.217.224.2/HOMEPAGE/PHYSIKER/BACHELOR/AP/SKRIPT/V401.pdf"
}

@online{sample2,
  author = {RefractiveIndex},
  title = {Optical constants of Air},
  urldate = {2018-07-09},
  url = "https://refractiveindex.info/?shelf=other&book=air&page=Ciddor"
  }

@manual{sample3,
  author = {Metin Tolan und Joachim Stolze},
  title = {Script zur Physik III},
  year = 2018,
  url = "https://moodle.tu-dortmund.de/pluginfile.php/641978/mod_resource/content/1/Physik3_18_2017x4.pdf"
  }

@manual{sample4,
  author = {Edmund Optics},
  title = {Optisches Glas},
  year = 2018,
  url = "https://www.edmundoptics.de/resources/application-notes/optics/optical-glass/"
  }
