@manual{sample,
  author = {TU Dortmund},
  title = {Aktivierung mit Neutronen},
  year = 2018,
  url = "http://129.217.224.2/HOMEPAGE/PHYSIKER/BACHELOR/AP/SKRIPT/V702.pdf"
}

@manual{sample2,
  author = {Internetchemie},
  title = {Indium-Isotope},
  year = 2018,
  url = "https://www.internetchemie.info/chemische-elemente/indium-isotope.php"
  }

@manual{sample3,
  author = {Internetchemie},
  title = {Rhodium-Isotope},
  year = 2018,
  url = "https://www.internetchemie.info/chemische-elemente/rhodium-isotope.php"
  }

@manual{sample4,
  author = {LD Didactic},
  title = {Untersuchung der charakteristischen Spektren in Abh√§ngigkeit von der Ordnungszahl des Elements: K-Linien},
  year = 2018,
  url = "https://www.ld-didactic.de/literatur/hb/d/p6/p6354_d.pdf"
  }
