@manual{sample,
  author = {TU Dortmund},
  title = {V206 - Die Wärmepumpe},
  year = 2017,
  url = "http://129.217.224.2/HOMEPAGE/PHYSIKER/BACHELOR/AP/SKRIPT/V206.pdf"
}

@manual{sample2,
  author = {TU Dortmund},
  title = {V203 - Verdampfungswärme und Dampfdruck-Kurve},
  year = 2017,
  url = "http://129.217.224.2/HOMEPAGE/PHYSIKER/BACHELOR/AP/SKRIPT/V203.pdf"
}
