@manual{sample,
  author = {TU Dortmund},
  title = {V103 - Biegung elastischer Stäbe},
  year = 2017
}

@online{traeg,
  author = {Universität Siegen},
  title = {Flächenträgheitsmomente einiger Querschnitte },
  url = {http://www.bau.uni-siegen.de/subdomains/bauinformatik/lehre/tm2/arbeitsblaetter/arbeitsblatt_08_flaechentraegheitsmomente_bsp.pdf},
  year = 2009
  }

@online{dichte,
  title = {Tabellensammlung Chemie/ Dichte fester Stoffe},
  url = {https://de.wikibooks.org/wiki/Tabellensammlung_Chemie/_Dichte_fester_Stoffe}
  }

@Mastersthesis{elast,
  type = {Staatsexamen},
  author = {David Schwarzenberg},
  title = {Der Elastizitätsmodul: Messung und Anwendung in der Schule},
  school = {Johannes Gutenberg-Universität Mainz},
  year = 2004,
  pages = "95",
  url = {http://www.physik.uni-mainz.de/lehramt/lehramt/Vortraege/Anleitung/DSchw_StEx.pdf}
}
