@manual{sample1,
  author = {TU Dortmund},
  title = {WÃ¤rmeleitung von Metallen},
  year = 2017,
  url = "http://129.217.224.2/HOMEPAGE/PHYSIKER/BACHELOR/AP/SKRIPT/Waermeleitf.pdf"
}

@manual{sample2,
  author = {The Engineering ToolBox},
  title = {Thermal Conductivity of common Materials and Gases},
  year = 2017,
  url = "https://www.engineeringtoolbox.com/thermal-conductivity-d_429.html"
}
