@manual{sample,
  author = {TU Dortmund},
  title = {Versuch V402: Dispersion am Glasprisma},
  year = 2018,
  url = "http://129.217.224.2/HOMEPAGE/PHYSIKER/BACHELOR/AP/SKRIPT/V402.pdf"
}

@manual{sample2,
  author = {TU Dresden},
  title = {Atomare Spektren},
  year = 2018,
  url = "https://tu-dresden.de/mn/physik/ressourcen/dateien/studium/lehrveranstaltungen/praktika/pdf/AS.pdf?lang=de"
  }

@manual{sample3,
  author = {Metin Tolan und Joachim Stolze},
  title = {Script zur Physik III},
  year = 2018,
  url = "https://moodle.tu-dortmund.de/pluginfile.php/641978/mod_resource/content/1/Physik3_18_2017x4.pdf"
  }

@manual{sample4,
  author = {Edmund Optics},
  title = {Optisches Glas},
  year = 2018,
  url = "https://www.edmundoptics.de/resources/application-notes/optics/optical-glass/"
  }
