@manual{sample1,
  author = {TU Dortmund},
  title = {Das Dulong-Petitsche Gesetz},
  year = 2017,
  url = "http://129.217.224.2/HOMEPAGE/PHYSIKER/BACHELOR/AP/SKRIPT/V201.pdf"
}

@manual{sample2,
  author = {Wikibooks},
  title = {Spezifische Wärmekapazitäten},
  year = 2017,
  url = "https://de.wikibooks.org/wiki/Tabellensammlung_Chemie/_spezifische_W%C3%A4rmekapazit%C3%A4ten"
  }

  @manual{sample3,
    author = {Wikibooks},
    title = {Thermodynamik - Das allgemeine Gasgesetz},
    year = 2018,
    url = "https://de.wikibooks.org/wiki/Thermodynamik#Das_allgemeine_Gasgesetz"
    }
