@manual{sample,
  author = {TU Dortmund},
  title = {Thermische Elektronenemission},
  year = 2018,
  url = "http://129.217.224.2/HOMEPAGE/PHYSIKER/BACHELOR/AP/SKRIPT/V504.pdf"
}

@manual{sample2,
  author = {Spektrum},
  title = {Austrittsarbeit},
  year = 2018,
  url = "https://www.spektrum.de/lexikon/physik/austrittsarbeit/1067"
  }
