@manual{sample,
  author = {TU Dortmund},
  title = {V351 - Fourier-Analyse und Synthese},
  year = 2017,
  url = "http://129.217.224.2/HOMEPAGE/PHYSIKER/BACHELOR/AP/SKRIPT/V351.pdf"
}
