@manual{sample,
  author = {TU Dortmund},
  title = {V303 - Lock-In-Verst√§rker},
  year = 2017,
  url = "http://129.217.224.2/HOMEPAGE/PHYSIKER/BACHELOR/AP/SKRIPT/LockIn.pdf"
}
